@inproceedings{Abbasi:2013:DBS:2507924.2507961,
 author = {Abbasi, Ali and Ghaderi, Majid},
 title = {Distributed Base Station Activation for Energy-efficient Operation of Cellular Networks},
 booktitle = {Proceedings of the 16th ACM International Conference on Modeling, Analysis \&\#38; Simulation of Wireless and Mobile Systems},
 series = {MSWiM '13},
 year = {2013},
 isbn = {978-1-4503-2353-6},
 location = {Barcelona, Spain},
 pages = {427--436},
 numpages = {10},
 url = {http://doi.acm.org/10.1145/2507924.2507961},
 doi = {10.1145/2507924.2507961},
 acmid = {2507961},
 publisher = {ACM},
 address = {New York, NY, USA},
 keywords = {cellular networks, energy efficiency, network utility maximization},
}                   

@Misc{website1,
  OPTkey = 	 {},
  author = 	 {???},
  title = 	 {article tutle},
  howpublished = {Website},
  OPTmonth = 	 {},
  OPTyear = 	 {},
  note = 	 {Website describing...},
  OPTannote = 	 {}
}

@MastersThesis{ranga15,
  author = 	 {Ranga Reddy},
  title = 	 {Measurement},
  school = 	 {University of Minnesota Duluth},
  year = 	 {2015},
  OPTkey = 	 {},
  OPTtype = 	 {},
  OPTaddress = 	 {},
  OPTmonth = 	 {},
  OPTnote = 	 {},
  OPTannote = 	 {}
}

@article{Asawa:2008:TDT,
    title = "Thermal design tool for outdoor spaces based on heat balance
simulation using a 3D-CAD system",
    author = "Takashi Asawa, Akira Hoyanob, Kazuaki Nakaohkubo",
    journal = "Building and Environment",
    volume = "43",
    number = "1",
    month = Dec, 
    year = "2007",
    pages = "2112--2123",
  }

@inproceedings{Kreylos:2006:ESW:1128923.1128948,
 author = {Kreylos, Oliver and Bawden, Gerald and Bernardin, Tony and Billen, Magali I. and Cowgill, Eric S. and Gold, Ryan D. and Hamann, Bernd and Jadamec, Margarete and Kellogg, Louise H. and Staadt, Oliver G. and Sumner, Dawn Y.},
 title = {Enabling Scientific Workflows in Virtual Reality},
 booktitle = {Proceedings of the 2006 ACM International Conference on Virtual Reality Continuum and Its Applications},
 series = {VRCIA '06},
 year = {2006},
 isbn = {1-59593-324-7},
 location = {Hong Kong, China},
 pages = {155--162},
 numpages = {8},
 url = {http://doi.acm.org/10.1145/1128923.1128948},
 doi = {10.1145/1128923.1128948},
 acmid = {1128948},
 publisher = {ACM},
 address = {New York, NY, USA},
 keywords = {geosciences, scientific visualization, virtual reality, workflow},
} 

@INPROCEEDINGS{Drascic89, 
author={D. Drascic and P. Milgram and J. Grodski}, 
booktitle={Systems, Man and Cybernetics, 1989. Conference Proceedings., IEEE International Conference on}, 
title={Learning effects in telemanipulation with monoscopic versus stereoscopic remote viewing}, 
year={1989}, 
pages={1244-1249 vol.3}, 
keywords={closed circuit television;computerised materials handling;human factors;mobile robots;telecontrol;Fitts' law;closed circuit video system;learning effects;mobile explosive ordnance disposal robot;monoscopic viewing;repetitive approach-and-touch task;skill acquisition;speed/accuracy tradeoff task;stereoscopic remote viewing;telemanipulation;Aerospace industry;Cameras;Circuits;Defense industry;Displays;Environmental economics;Error analysis;Explosives;Industrial engineering;Mobile robots}, 
doi={10.1109/ICSMC.1989.71502}, 
month=Nov,}
